<record><leader>00000cas a22000007a 4500</leader><controlfield tag="001">19828897</controlfield><controlfield tag="008">890607d19651968mouwr ne      0    0eng d</controlfield><datafield ind1=" " ind2=" " tag="010"><subfield code="a">sn 89066382 </subfield></datafield><datafield ind1=" " ind2=" " tag="040"><subfield code="a">MQN</subfield><subfield code="b">eng</subfield><subfield code="c">MQN</subfield><subfield code="d">OCLCQ</subfield></datafield><datafield ind1=" " ind2=" " tag="042"><subfield code="a">msc</subfield></datafield><datafield ind1=" " ind2=" " tag="043"><subfield code="a">n-us-mo</subfield></datafield><datafield ind1="0" ind2=" " tag="130"><subfield code="a">Fair Play advocate (Fair Play, Mo. : 1965)</subfield></datafield><datafield ind1="1" ind2="4" tag="245"><subfield code="a">The Fair Play advocate.</subfield></datafield><datafield ind1=" " ind2=" " tag="260"><subfield code="a">Fair Play, Polk County, Mo. :</subfield><subfield code="b">Albert &amp; Beulah Mitchell,</subfield><subfield code="c">1965-1968.</subfield></datafield><datafield ind1=" " ind2=" " tag="300"><subfield code="a">v.</subfield></datafield><datafield ind1=" " ind2=" " tag="310"><subfield code="a">Weekly</subfield></datafield><datafield ind1="0" ind2=" " tag="362"><subfield code="a">Vol. 11, no. 46 (Mar. 11, 1965)-v. 14, no. 52 (Apr. 4, 1968).</subfield></datafield><datafield ind1=" " ind2="0" tag="651"><subfield code="a">Fair Play (Mo.)</subfield><subfield code="v">Newspapers.</subfield></datafield><datafield ind1=" " ind2=" " tag="752"><subfield code="a">United States</subfield><subfield code="b">Missouri</subfield><subfield code="c">Polk</subfield><subfield code="d">Fair Play.</subfield></datafield><datafield ind1="0" ind2="0" tag="780"><subfield code="t">Rambler (Linneus, Mo.)</subfield><subfield code="w">(DLC)sn 89066381</subfield></datafield><datafield ind1="0" ind2="4" tag="785"><subfield code="t">Bolivar herald-free press</subfield><subfield code="w">(DLC)sn 89066284</subfield></datafield><datafield ind1="1" ind2=" " tag="029"><subfield code="a">AU@</subfield><subfield code="b">000020618274</subfield></datafield></record>